<record><leader>00000cas a22000007a 4500</leader><controlfield tag="001">15671937</controlfield><controlfield tag="008">870512d18441847njuwr ne      0    0eng d</controlfield><datafield ind1=" " ind2=" " tag="010"><subfield code="a">sn 87068096 </subfield></datafield><datafield ind1=" " ind2=" " tag="040"><subfield code="a">NJW</subfield><subfield code="b">eng</subfield><subfield code="c">NJW</subfield><subfield code="d">OCLCQ</subfield></datafield><datafield ind1=" " ind2=" " tag="042"><subfield code="a">msc</subfield></datafield><datafield ind1="0" ind2="0" tag="245"><subfield code="a">Jersey City advertiser and Hudson County Republican.</subfield></datafield><datafield ind1="3" ind2="0" tag="246"><subfield code="a">Hudson County Republican</subfield></datafield><datafield ind1=" " ind2=" " tag="260"><subfield code="a">Jersey City, N.J. :</subfield><subfield code="b">John Post</subfield></datafield><datafield ind1=" " ind2=" " tag="300"><subfield code="a">v.</subfield></datafield><datafield ind1=" " ind2=" " tag="310"><subfield code="a">Weekly</subfield></datafield><datafield ind1="1" ind2=" " tag="362"><subfield code="a">Began with Dec. 10, 1844 issue; ceased in 1847?</subfield></datafield><datafield ind1=" " ind2=" " tag="588"><subfield code="a">Description based on: New ser., v. 1, no. 60 (Oct. 26, 1847).</subfield></datafield><datafield ind1=" " ind2=" " tag="752"><subfield code="a">United States</subfield><subfield code="b">New Jersey</subfield><subfield code="c">Hudson</subfield><subfield code="d">Jersey City.</subfield></datafield><datafield ind1="0" ind2="0" tag="780"><subfield code="t">Jersey City advertiser and Hudson Republican</subfield><subfield code="w">(DLC)sn 85035907</subfield><subfield code="w">(OCoLC)13039622</subfield></datafield><datafield ind1="0" ind2="7" tag="785"><subfield code="t">Evening sentinel (Jersey City, N.J.)</subfield><subfield code="w">(DLC)sn 88071298</subfield></datafield><datafield ind1="0" ind2="7" tag="785"><subfield code="t">Daily sentinel and advertiser</subfield><subfield code="w">(DLC)sn 85025083</subfield><subfield code="w">(OCoLC)11570603</subfield></datafield></record>